<?xml version="1.0" encoding="UTF-8"?>
<record xmlns="http://www.loc.gov/MARC21/slim">
   <leader>02749cam a2200481 a 4500</leader>
   <controlfield tag="001">5536357</controlfield>
   <controlfield tag="003">NjP</controlfield>
   <controlfield tag="005">20190705165633.0</controlfield>
   <controlfield tag="008">860221s1952    ua     f i    010 0 ara d</controlfield>
   <datafield tag="024" ind1="7" ind2=" ">
      <subfield code="a">princeton_aco003716</subfield>
      <subfield code="2">local</subfield>
   </datafield>
   <datafield ind1=" " ind2=" " tag="040">
      <subfield code="a">MiU</subfield>
      <subfield code="c">PUL</subfield>
      <subfield code="d">PUL</subfield>
   </datafield>
   <datafield ind1=" " ind2=" " tag="035">
      <subfield code="a">(CStRLIN)CTYN05-B10407</subfield>
   </datafield>
   <datafield ind1=" " ind2=" " tag="043">
      <subfield code="a">a-sy---</subfield>
      <subfield code="a">a-le---</subfield>
      <subfield code="a">f-ua---</subfield>
   </datafield>
   <datafield ind1=" " ind2="4" tag="050">
      <subfield code="a">DS97.5</subfield>
      <subfield code="b">.R9878 1952</subfield>
   </datafield>
   <datafield ind1=" " ind2=" " tag="090">
      <subfield code="a">DS97.5</subfield>
      <subfield code="b">.R9878 1952</subfield>
   </datafield>
   <datafield ind1=" " ind2=" " tag="049">
      <subfield code="a">PULL</subfield>
   </datafield>
   <datafield ind1=" " ind2=" " tag="035">
      <subfield code="a">(OCoLC)ocm23486702</subfield>
   </datafield>
   <datafield ind1="1" ind2=" " tag="100">
      <subfield code="6">880-01</subfield>
      <subfield code="a">Rustum, Asad,</subfield>
      <subfield code="d">1897-1965.</subfield>
      <subfield code="0">http://id.loc.gov/authorities/names/nr91018948</subfield>
   </datafield>
   <datafield ind1="1" ind2="3" tag="245">
      <subfield code="6">880-02</subfield>
      <subfield code="a">al-Maḥfūẓāt al-Malakīyah /</subfield>
      <subfield code="c">ʻuniya bi-intiqāʼihā wa-tansīqihā wa-al-ishrāf ʻalá tarjamat baʻḍhā Asad Rustum ; al-fahāris li-Ṣubḥī Nāyif Abū Shaqrā.</subfield>
   </datafield>
   <datafield ind1="1" ind2="4" tag="246">
      <subfield code="6">880-03</subfield>
      <subfield code="a">Fihris wathāʼiq al-Shām fī ʻahd Muḥammad ʻAlī al-Kabīr</subfield>
   </datafield>
   <datafield ind1=" " ind2=" " tag="260">
      <subfield code="6">880-04</subfield>
      <subfield code="a">[Cairo] :</subfield>
      <subfield code="b">Dār al-Maʻārif bi-Miṣr,</subfield>
      <subfield code="c">[1952]</subfield>
   </datafield>
   <datafield ind1=" " ind2=" " tag="300">
      <subfield code="a">326 p. ;</subfield>
      <subfield code="c">24 cm.</subfield>
   </datafield>
   <datafield ind1=" " ind2=" " tag="500">
      <subfield code="6">880-05</subfield>
      <subfield code="a">At head of title: al-Jamʻīyah al-Malakīyah lil-Dirāsāt al-Tārīkhīyah.</subfield>
   </datafield>
   <datafield ind1=" " ind2=" " tag="500">
      <subfield code="6">880-06</subfield>
      <subfield code="a">"al-Dhikrá al-miʼawīyah lil-maghfūr la-hu Muḥammad ʻAlī al-Kabīr"--Cover</subfield>
   </datafield>
   <datafield ind1=" " ind2="0" tag="651">
      <subfield code="a">Syria</subfield>
      <subfield code="x">History</subfield>
      <subfield code="y">1516-1918</subfield>
      <subfield code="v">Sources.</subfield>
   </datafield>
   <datafield ind1=" " ind2="0" tag="651">
      <subfield code="a">Lebanon</subfield>
      <subfield code="x">History</subfield>
      <subfield code="y">1516-1918</subfield>
      <subfield code="v">Sources</subfield>
   </datafield>
   <datafield ind1=" " ind2="0" tag="650">
      <subfield code="a">Archives</subfield>
      <subfield code="z">Egypt.</subfield>
   </datafield>
   <datafield ind1="1" ind2=" " tag="700">
      <subfield code="6">880-07</subfield>
      <subfield code="a">Abū Shaqrā, Ṣubḥī Nāyif.</subfield>
   </datafield>
   <datafield ind1="1" ind2="2" tag="700">
      <subfield code="6">880-08</subfield>
      <subfield code="a">Abū Shaqrā, Ṣubḥī Nāyif.</subfield>
      <subfield code="t">Fihris wathāʼiq al-Shām fī ʻahd Muḥammad ʻAlī al-Kabīr.</subfield>
   </datafield>
   <datafield ind1="2" ind2=" " tag="710">
      <subfield code="6">880-09</subfield>
      <subfield code="a">Jamʻīyah al-Miṣrīyah lil-Dirāsāt al-Tārīkhīyah.</subfield>
      <subfield code="0">http://id.loc.gov/authorities/names/n84009946</subfield>
   </datafield>
   <datafield ind1="1" ind2=" " tag="880">
      <subfield code="6">100-01/r</subfield>
      <subfield code="a">رستم، اسد،</subfield>
      <subfield code="d">1897-1965.</subfield>
   </datafield>
   <datafield ind1="1" ind2="2" tag="880">
      <subfield code="6">245-02/r</subfield>
      <subfield code="a">المحفوظات الملكية /</subfield>
      <subfield code="c">عني بانتقائها وتنسيقها والاشراف على ترجمة بعضها اسد رستم ؛ الفهارس لصبحي نايف ابو شقرا.</subfield>
   </datafield>
   <datafield ind1="1" ind2="4" tag="880">
      <subfield code="6">246-03/r</subfield>
      <subfield code="a">فهرس وثائق الشام في عهد محمد علي الكبير</subfield>
   </datafield>
   <datafield ind1=" " ind2=" " tag="880">
      <subfield code="6">260-04/r</subfield>
      <subfield code="a">[القاهرة] :</subfield>
      <subfield code="b">دار المعارف بمصر،</subfield>
      <subfield code="c">[1952]</subfield>
   </datafield>
   <datafield ind1=" " ind2=" " tag="880">
      <subfield code="6">500-05/r</subfield>
      <subfield code="a">At head of title: الجمعية الملكية للدراسات التاريخية.</subfield>
   </datafield>
   <datafield ind1=" " ind2=" " tag="880">
      <subfield code="6">500-06/r</subfield>
      <subfield code="a">"الذكرى المئوية للمغفور له محمد علي الكبير"Cover</subfield>
   </datafield>
   <datafield ind1="1" ind2=" " tag="880">
      <subfield code="6">700-07/r</subfield>
      <subfield code="a">ابو شقرا، صبحي نايف.</subfield>
   </datafield>
   <datafield ind1="1" ind2="2" tag="880">
      <subfield code="6">700-08/r</subfield>
      <subfield code="a">ابو شقرا، صبحي نايف.</subfield>
      <subfield code="t">فهرس وثائق الشام في عهد محمد علي الكبير.</subfield>
   </datafield>
   <datafield ind1="2" ind2=" " tag="880">
      <subfield code="6">710-09/r</subfield>
      <subfield code="a">جمعية المصرية للدراسات التاريخية.</subfield>
   </datafield>
   <datafield ind1=" " ind2=" " tag="904">
      <subfield code="a">slt</subfield>
      <subfield code="b">o</subfield>
      <subfield code="h">m</subfield>
      <subfield code="c">b</subfield>
      <subfield code="e">20080801</subfield>
   </datafield>
   <datafield ind1=" " ind2=" " tag="994">
      <subfield code="a">C0</subfield>
      <subfield code="b">PUL</subfield>
   </datafield>
   <datafield ind1=" " ind2=" " tag="999">
      <subfield code="a">5536357</subfield>
   </datafield>
   <datafield ind1=" " ind2=" " tag="902">
      <subfield code="a">jab</subfield>
      <subfield code="b">m</subfield>
      <subfield code="6">a</subfield>
      <subfield code="7">m</subfield>
      <subfield code="d">v</subfield>
      <subfield code="f">1</subfield>
      <subfield code="e">20080827</subfield>
   </datafield>
   <datafield ind1=" " ind2=" " tag="979">
      <subfield code="a">(OCoLC)ocn244475176</subfield>
   </datafield>
   <datafield ind1=" " ind2=" " tag="979">
      <subfield code="a">(OCoLC)ocm13182919</subfield>
   </datafield>
   <datafield ind1="0" ind2=" " tag="852">
      <subfield code="0">5666489</subfield>
      <subfield code="b">rcppa</subfield>
      <subfield code="h">DS97.5</subfield>
      <subfield code="i">.R9878 1952</subfield>
   </datafield>
   <datafield ind1=" " ind2=" " tag="959">
      <subfield code="a">2008-08-25 11:52:25 -0400</subfield>
   </datafield>
</record>
